<record><leader>00000cas a22000007a 4500</leader><controlfield tag="001">28283902</controlfield><controlfield tag="008">930616d19461973scuwr ne      0    0eng d</controlfield><datafield ind1=" " ind2=" " tag="010"><subfield code="a">sn 93067795 </subfield></datafield><datafield ind1=" " ind2=" " tag="040"><subfield code="a">SVN</subfield><subfield code="b">eng</subfield><subfield code="c">SVN</subfield><subfield code="d">OCLCQ</subfield></datafield><datafield ind1=" " ind2=" " tag="042"><subfield code="a">msc</subfield></datafield><datafield ind1="0" ind2="4" tag="245"><subfield code="a">The Saluda County sentinel.</subfield></datafield><datafield ind1=" " ind2=" " tag="260"><subfield code="a">Saluda, S.C. :</subfield><subfield code="b">S.K. Able</subfield></datafield><datafield ind1=" " ind2=" " tag="300"><subfield code="a">v.</subfield></datafield><datafield ind1=" " ind2=" " tag="310"><subfield code="a">Weekly</subfield></datafield><datafield ind1="1" ind2=" " tag="362"><subfield code="a">Began in 1946.</subfield></datafield><datafield ind1="0" ind2=" " tag="362"><subfield code="a">-v.23, no. 39 (Sept. 27, 1973).</subfield></datafield><datafield ind1=" " ind2=" " tag="588"><subfield code="a">Description based on: Vol. 1, no. 7 (Jan. 17, 1947).</subfield></datafield><datafield ind1=" " ind2="4" tag="651"><subfield code="a">Saluda County (S.C.)</subfield><subfield code="v">Newspapers.</subfield></datafield><datafield ind1=" " ind2=" " tag="752"><subfield code="a">United States</subfield><subfield code="b">South Carolina</subfield><subfield code="c">Saluda</subfield><subfield code="d">Saluda.</subfield></datafield><datafield ind1="0" ind2="7" tag="785"><subfield code="t">Saluda standard</subfield><subfield code="w">(DLC)sn 92065588</subfield></datafield><datafield ind1="0" ind2="7" tag="785"><subfield code="t">Saluda standard-sentinel</subfield><subfield code="w">(DLC)sn 93067806</subfield></datafield><datafield ind1="1" ind2=" " tag="029"><subfield code="a">AU@</subfield><subfield code="b">000025891659</subfield></datafield></record>